@InProceedings{Ding2019PoisoningAO,
  title={Poisoning Attack on Deep Generative Models in Autonomous Driving},
  author={Shaohua Ding and Yulong Tian and Fengyuan Xu and Qun A. Li and Sheng Zhong},
  year={2019}
}
@ARTICLE{8825476,  author={Kaur, Kuljeet and Garg, Sahil and Kaddoum, Georges and Ahmed, Syed Hassan and Atiquzzaman, Mohammed},  journal={IEEE Internet of Things Journal},   title={KEIDS: Kubernetes-Based Energy and Interference Driven Scheduler for Industrial IoT in Edge-Cloud Ecosystem},   year={2020},  volume={7},  number={5},  pages={4228-4237},  doi={10.1109/JIOT.2019.2939534}}
@ARTICLE{9102237,  author={Zichichi, Mirko and Ferretti, Stefano and Dâ€™angelo, Gabriele},  journal={IEEE Access},   title={A Framework Based on Distributed Ledger Technologies for Data Management and Services in Intelligent Transportation Systems},   year={2020},  volume={8},  number={},  pages={100384-100402},  doi={10.1109/ACCESS.2020.2998012}}
@InProceedings{
	Mo2017,
	author = {Morabito, Roberto and Beijar, Nicklas},
	title = {A Framework Based on SDN and Containers for Dynamic Service Chains on IoT Gateways},
	year = {2017}
}
