@ARTICLE{6714496,  author={Xu, Li Da and He, Wu and Li, Shancang},  journal={IEEE Transactions on Industrial Informatics},   title={Internet of Things in Industries: A Survey},   year={2014},  volume={10},  number={4},  pages={2233-2243},  doi={10.1109/TII.2014.2300753}}
@ARTICLE{8320780,  author={Javed, Farhana and Afzal, Muhamamd Khalil and Sharif, Muhammad and Kim, Byung-Seo},  journal={IEEE Communications Surveys   Tutorials},   title={Internet of Things (IoT) Operating Systems Support, Networking Technologies, Applications, and Challenges: A Comparative Review},   year={2018},  volume={20},  number={3},  pages={2062-2100},  doi={10.1109/COMST.2018.2817685}}
