@misc{ car_levels_international_2014, title={Summary of SAE International’s Levels of Driving Automation for On-Road Vehicle}, url={https://web.archive.org/web/20180701034327/https://cdn.oemoffhighway.com/files/base/acbm/ooh/document/2016/03/automated_driving.pdf}, journal={web.archive.org}, publisher={SAE International}, author={ International, SAE}, year={2014}} 
@ARTICLE{8320780,
  author={Javed, Farhana and Afzal, Muhamamd Khalil and Sharif, Muhammad and Kim, Byung-Seo},
  journal={IEEE Communications Surveys   Tutorials}, 
  title={Internet of Things (IoT) Operating Systems Support, Networking Technologies, Applications, and Challenges: A Comparative Review}, 
  year={2018},
  volume={20},
  number={3},
  pages={2062-2100},
  doi={10.1109/COMST.2018.2817685}}
@misc{ international_2014, title={Summary of SAE International’s Levels of Driving Automation for On-Road Vehicle}, url={https://web.archive.org/web/20180701034327/https://cdn.oemoffhighway.com/files/base/acbm/ooh/document/2016/03/automated_driving.pdf}, journal={web.archive.org}, publisher={SAE International}, author={ International, SAE}, year={2014}} 
@misc{riot-os_2021, title={Riot-os/riot: Riot - the friendly OS for IOT}, url={https://github.com/RIOT-OS/RIOT}, journal={GitHub}, author={Riot-Os, RIOT}, year={2021}} 
